<?xml version="1.0" encoding="UTF-8"?><record xmlns="http://www.loc.gov/MARC21/slim" xmlns:cinclude="http://apache.org/cocoon/include/1.0" xmlns:zs="http://www.loc.gov/zing/srw/">
  <leader>00665cz  a2200145n  4500</leader>
  <controlfield tag="001">nb2003033561</controlfield>
  <controlfield tag="003">DLC</controlfield>
  <controlfield tag="005">20070905074956.0</controlfield>
  <controlfield tag="008">030328n| acannaabn          |n aaa      </controlfield>
  <datafield tag="010" ind1=" " ind2=" ">
    <subfield code="a">nb2003033561</subfield>
  </datafield>
  <datafield tag="040" ind1=" " ind2=" ">
    <subfield code="a">Uk</subfield>
    <subfield code="b">eng</subfield>
    <subfield code="c">Uk</subfield>
    <subfield code="d">DLC</subfield>
  </datafield>
  <datafield tag="100" ind1="1" ind2=" ">
    <subfield code="a">Kaufmann, Vincent</subfield>
  </datafield>
  <datafield tag="670" ind1=" " ind2=" ">
    <subfield code="a">Enjeux de la sociologie urbaine, 2001:</subfield>
    <subfield code="b">t.p. (Vincent Kaufmann)</subfield>
  </datafield>
  <datafield tag="670" ind1=" " ind2=" ">
    <subfield code="a">Mobilités, fluidités-- libertés? 2004:</subfield>
    <subfield code="b">t.p. (Vincent Kaufmann) p. 4 of cover (prof., Ecole polytechique fédérale de Lausanne (EPFL))</subfield>
  </datafield>
  <datafield tag="670" ind1=" " ind2=" ">
    <subfield code="a">BnF Web OPAC, Sep 4, 2007:</subfield>
    <subfield code="b">(Kaufmann, Vincent (1969-....); Sociologist; Chercheur à l'Institut de recherche sur l'environnement construit de Lausanne (en 1998))</subfield>
  </datafield>
</record>